@article{trivedi_varshney,
  author = {Trivedi, V. and Varshney, P. and Ramteke, M.},
  journal = {Springer Nature},
  title = {A simplified multi-objective particle swarm optimization algorithm},
  volume = {14},
  pages = {83--116},
  year = {2020}
}

@article{nofreelunch,
  author = {Wolpert, D. H. and Macready, W. G.},
  title = {No Free Lunch Theorems for Optimization},
  journal = {IEEE Transactions on Evolutionary Computation},
  volume = {1},
  number = {1},
  pages = {67--82},
  year = {1997}
}

@incollection{burke_etal_2019,
  author = {Burke, E. K. and Hyde, M. R. and Kendall, G. and Ochoa, G. and Özcan, E. and Woodward, J. R.},
  title = {A Classification of Hyper-Heuristic Approaches: Revisited},
  booktitle = {Handbook of Metaheuristics},
  publisher = {Springer},
  year = {2019},
  pages = {453--477}
}

@article{WHH,
  author       = {Arman Daliri and Mahmoud Alimoradi and Mahdieh Zabihimayvan and Reza Sadeghi},
  title        = {World Hyper-Heuristic: A novel reinforcement learning approach for dynamic exploration and exploitation},
  journal      = {Expert Systems with Applications},
  volume       = {244},
  year         = {2024},
  publisher    = {Elsevier BV}
}

@article{ACO,
  author = {Marco Dorigo and Mauro Birattari and Thomas Stützle},
  journal = {IEEE Computational Intelligence Magazine},
  number = {1},
  title = {Ant Colony Optimization},
  year = {2006},
  pages = {28--39}
}

@article{SA,
  author = {S. Kirkpatrick and C. D. Gelatt, Jr and  M. P. Vecchi},
  journal = {Science},
  number = {220},
  title = {Optimization by Simulated Annealing},
  year = {1983},
  pages = {671--680},
}

@article{Thompson,
  author = {Thompson, R. F. and Welker, W. I.},
  journal = {Journal of Comparative and Physiological Psychology},
  number = {6},
  title = {Role of auditory cortex in reflex head orientation by cats to auditory stimuli},
  volume = {56},
  year = {1963},
  pages = {996},
}

@article{COTEJA,
  author = {Shixun You and Ming Diao and Lipeng Gao},
  journal = {"IET Radar, Sonar \& Navigation"},
  number = {10},
  title = {"Implementation of a combinatorial-optimisation-based threat evaluation and jamming allocation system"},
  volume = {13},
  year = {2019},
  pages = {1636--1645},
}

@online{RWTCP,
  title = {World Traveling Salesman Problem},
  url = {http://www.math.uwaterloo.ca/tsp/world/index.html},
  urldate = {2020-10-04},
}

@article{weldedbeam,
  author = {Wang and Weijun and Stéphane Caro and Fouad Bennis and Oscar Brito Augusto},
  journal = { Engineering Systems Design and Analysis},
  number = {44861},
  title = {Toward the Use of Pareto Performance Solutions and Pareto Robustness Solutions for Multi-Objective Robust Optimization Problems.},
  volume = {5},
  year = {2012},
  pages = {41--50},
}

@article{speedred,
  author = {Hassan and Rania and Babak Cohanim and Olivier De Weck and Gerhard Venter},
  journal = {AIAA/ASME/ASCE/AHS/ASC Structures, Structural Dynamics and Materials},
  title = {A Comparison of Particle Swarm Optimization and the Genetic Algorithm.},
  volume = {46},
  year = {2005}
}

@article{ICA,
  author = {Atashpaz-Gargari, E. and Lucas, C.},
  journal = {In 2007 IEEE Congress on Evolutionary Computation},
  title = {An Algorithm for Optimization Inspired by Imperialistic Competition},
  year = {2007},
  pages = {4661--5467},
}

@article{GWO,
  author = {Mirjalili, S. and Mirjalili, S. M. and Lewis, A.},
  journal = {Advances in Engineering Software},
  title = {Grey Wolf Optimizer},
  volume = {69},
  year = {2014},
  pages = {46--61},
}

@article{taxonomy,
  author = {Tansel Dokeroglu and Tayfun Kucukyilmaz and El-Ghazali Talbi},
  journal = {Computers & Industrial Engineering},
  number = {109815},
  title = {Hyper-heuristics: A survey and taxonomy},
  volume = {187},
  year = {2024}
}